@article{hevner04:design,
 author = {Hevner, A. R. and March, S. T. and Park, J. and Ram, S.},
 year = {2004},
 title = {Design Science in Information Systems Research},
 pages = {75--105},
 volume = {28},
 number = {1},
 journal = {MIS Quarterly}
}

@misc{internet00:webquelle,
 author = {{Beispielfirma XY}},
 year = {2000},
 title = {Beispielquelle aus dem Internet},
 howpublished = {Webquelle},
 url = {www.beispiel.com/quelle},
 note = {letzter Abruf: 1. Januar 1970}
}