@misc{winter:srs-anforderungen,
 author = {Andreas Winter},
 year = {2018},
 title = {SRS Anforderungen},
 howpublished = {Vorlesung Softwaretechnik I},
}

@book{nischwitz:bildverarbeitung,
 	author    = {Nischwitz, A. and Fischer, M. and Haberäcker, P. and Socher, G.}, 
 	title     = {Computergrafik und Bildverarbeitung - Band II: Bildverarbeitung},
 	publisher = {Vieweg+Teubner Verlag},
 	year      = 2011,
 	volume    = 2,
	edition   = 3,
	doi       = {10.1007/978-3-8348-8300-1},
	isbn      = {978-3-8348-1712-9}
}

@book{robertson:requirements-process,
  	author    = {Robertson, S. and Robertson, R.}, 
 	title     = {Mastering the Requirements Process: Getting Requirements Right},
 	publisher = {Pearson Education},
 	year      = 2012,
 	volume    = 1,
	edition   = 3,
	isbn      = {978-0-321-81574-3}
}

@book{boehm:systementwicklung,
  	author    = {Böhm, R. and Fuchs, E.}, 
 	title     = {System-Entwicklung in der Wirtschaftsinformatik},
 	series    = {Wirtschaftsinformatik},
 	publisher = {vdf Hochschulverlag},
 	year      = 2002,
 	volume    = 1,
	edition   = 5,
	doi		  = {10.3218/3668-8},
	isbn      = {978-3-7281-2762-4}
}


@book{balzert:softwaretechnik,
  	author    = {Balzert, H.},
  	title     = {Lehrbuch der Softwaretechnik: Entwurf, Implementierung, Installation und Betrieb},
  	series    = {Lehrbücher der Informatik},
  	publisher = {Spektrum Akademischer Verlag},
  	year      = {2011},
  	volume    = 1,
	edition   = 3,
  	doi       = {10.1007/978-3-8274-2246-0},
  	isbn      = {978-3-8274-1706-0},
}

@phdthesis{klein:,
	author = {Klein, G.},
	title = {Visual Tracking forAugmented Reality},
	school = {University of Cambridge},
	year = 2006,
}
